<record><leader>00000cas a22000007a 4500</leader><controlfield tag="001">9870087</controlfield><controlfield tag="008">830901d18521859nyudr ne      0    0eng d</controlfield><datafield ind1=" " ind2=" " tag="010"><subfield code="a">sn 83031390 </subfield></datafield><datafield ind1=" " ind2=" " tag="040"><subfield code="a">NPU</subfield><subfield code="b">eng</subfield><subfield code="c">NPU</subfield><subfield code="d">NPX</subfield><subfield code="d">NYS</subfield><subfield code="d">OCL</subfield><subfield code="d">OCLCQ</subfield><subfield code="d">OCLCF</subfield><subfield code="d">OCLCO</subfield><subfield code="d">AQM</subfield><subfield code="d">OCLCA</subfield></datafield><datafield ind1="1" ind2=" " tag="029"><subfield code="a">AU@</subfield><subfield code="b">000020227167</subfield></datafield><datafield ind1=" " ind2=" " tag="042"><subfield code="a">msc</subfield></datafield><datafield ind1=" " ind2=" " tag="043"><subfield code="a">n-us-ny</subfield></datafield><datafield ind1="0" ind2=" " tag="130"><subfield code="a">Lockport daily journal (Lockport, N.Y. : 1852)</subfield></datafield><datafield ind1="1" ind2="0" tag="245"><subfield code="a">Lockport daily journal.</subfield></datafield><datafield ind1="1" ind2="3" tag="246"><subfield code="a">Lockport journal</subfield></datafield><datafield ind1=" " ind2=" " tag="260"><subfield code="a">Lockport, N.Y. :</subfield><subfield code="b">M.C. Richardson &amp; Co.</subfield></datafield><datafield ind1=" " ind2=" " tag="300"><subfield code="a">v. ;</subfield><subfield code="c">56 cm.</subfield></datafield><datafield ind1=" " ind2=" " tag="310"><subfield code="a">Daily</subfield></datafield><datafield ind1="1" ind2=" " tag="362"><subfield code="a">Began in 1852; ceased in 1859.</subfield><subfield code="z">Cf. French, J.H. Gazetteer of the state of N.Y., 1860.</subfield></datafield><datafield ind1=" " ind2=" " tag="500"><subfield code="a">"Daily" appears above title ornament in small type, &lt;1852&gt;.</subfield></datafield><datafield ind1=" " ind2=" " tag="500"><subfield code="a">Publisher: Moses C. Richardson, &lt;1857&gt;.</subfield></datafield><datafield ind1=" " ind2=" " tag="500"><subfield code="a">Editor: Moses C. Richardson, &lt;1852&gt;.</subfield></datafield><datafield ind1=" " ind2=" " tag="580"><subfield code="a">Weekly ed.: Lockport journal (Lockport, N.Y. : 1851).</subfield></datafield><datafield ind1=" " ind2=" " tag="588"><subfield code="a">Description based on: Vol. 1, no. 141 (Nov. 26, 1852).</subfield></datafield><datafield ind1=" " ind2="0" tag="651"><subfield code="a">Lockport (N.Y.)</subfield><subfield code="v">Newspapers.</subfield></datafield><datafield ind1=" " ind2="7" tag="651"><subfield code="a">New York (State)</subfield><subfield code="z">Lockport.</subfield><subfield code="2">fast</subfield><subfield code="0">(OCoLC)fst01213352</subfield></datafield><datafield ind1=" " ind2="7" tag="655"><subfield code="a">Newspapers.</subfield><subfield code="2">fast</subfield><subfield code="0">(OCoLC)fst01423814</subfield></datafield><datafield ind1=" " ind2="7" tag="655"><subfield code="a">Newspapers.</subfield><subfield code="2">rbgenr</subfield></datafield><datafield ind1=" " ind2=" " tag="752"><subfield code="a">United States</subfield><subfield code="b">New York</subfield><subfield code="c">Niagara</subfield><subfield code="d">Lockport.</subfield></datafield><datafield ind1="1" ind2=" " tag="775"><subfield code="t">Lockport journal (Lockport, N.Y. : 1851)</subfield><subfield code="w">(DLC)sn 85042239</subfield></datafield><datafield ind1="0" ind2="7" tag="785"><subfield code="t">Lockport courier</subfield><subfield code="w">(DLC)sn 85026753</subfield></datafield><datafield ind1="0" ind2="7" tag="785"><subfield code="t">Lockport daily journal &amp; courier</subfield><subfield code="w">(DLC)sn 83031391</subfield></datafield></record>